@book{jjahn,
 author = {Jahn, Johannes},
 title = {Introduction to the Theory of Nonlinear Optimization},
 year = {2014},
 isbn = {3642426573, 9783642426575},
 edition = {3rd},
 publisher = {Springer Publishing Company, Incorporated},
}

@book{geiger,
  title={Theorie und Numerik restringierter Optimierungsaufgaben},
  author={Geiger, C. and Kanzow, C.},
  isbn={9783540427902},
  series={Springer-Lehrbuch Masterclass},
  url={https://books.google.de/books?id=spmzFyso\_b8C},
  year={2002},
  publisher={Springer Berlin Heidelberg}
}

@book{jarre,
  title={Optimierung},
  author={Jarre, F. and Stoer, J.},
  isbn={9783642187858},
  series={Springer-Lehrbuch},
  url={https://books.google.de/books?id=Jl2gBgAAQBAJ},
  year={2013},
  publisher={Springer Berlin Heidelberg}
}

